
  <record>
    <leader>01000aam  22002601a 4500</leader>
    <controlfield tag="001">YPZ1637</controlfield>
    <controlfield tag="003">YPZ</controlfield>
    <controlfield tag="005">200404290000000</controlfield>
    <controlfield tag="008">040429|###########||||||b||||||||||spa|d</controlfield>
    <datafield tag="020" ind1=" " ind2=" ">
      <subfield code="a">8428102589</subfield>
    </datafield>
    <datafield tag="040" ind1=" " ind2=" ">
      <subfield code="c">SIUNPA</subfield>
    </datafield>
    <datafield tag="041" ind1=" " ind2=" ">
      <subfield code="a">spa</subfield>
    </datafield>
    <datafield tag="044" ind1=" " ind2=" ">
      <subfield code="a">ES</subfield>
    </datafield>
    <datafield tag="080" ind1=" " ind2=" ">
      <subfield code="a">911.3 C617e2</subfield>
    </datafield>
    <datafield tag="100" ind1=" " ind2=" ">
      <subfield code="a">Claval, Paul.</subfield>
    </datafield>
    <datafield tag="245" ind1=" " ind2=" ">
      <subfield code="a">Evolución de la geografía humana</subfield>
      <subfield code="c"> / Ferrer, Alexandre, versión castellana</subfield>
    </datafield>
    <datafield tag="250" ind1=" " ind2=" ">
      <subfield code="a">2a ed.</subfield>
    </datafield>
    <datafield tag="260" ind1=" " ind2=" ">
      <subfield code="a">Barcelona</subfield>
      <subfield code="b"> : Oikos-tau</subfield>
      <subfield code="c"> , 1981</subfield>
    </datafield>
    <datafield tag="300" ind1=" " ind2=" ">
      <subfield code="a">240 p. : </subfield>
    </datafield>
    <datafield tag="440" ind1=" " ind2=" ">
      <subfield code="a">Proyecto 5/8</subfield>
      <subfield code="a">Educación hoy. Estudios</subfield>
      <subfield code="a">Educación hoy. Estudios</subfield>
      <subfield code="a">Educación hoy</subfield>
      <subfield code="a">Educación hoy estudios</subfield>
      <subfield code="a">Colección Educación hoy</subfield>
      <subfield code="a">Secundaria para todos</subfield>
      <subfield code="a">Educación hoy</subfield>
      <subfield code="a">Sociocultural</subfield>
      <subfield code="a">Educación hoy</subfield>
      <subfield code="a">Ciencias geográficas</subfield>
      <subfield code="v">4</subfield>
    </datafield>
    <datafield tag="490" ind1=" " ind2=" ">
      <subfield code="a">Proyecto 5/8</subfield>
      <subfield code="a">Educación hoy. Estudios</subfield>
      <subfield code="a">Educación hoy. Estudios</subfield>
      <subfield code="a">Educación hoy</subfield>
      <subfield code="a">Educación hoy estudios</subfield>
      <subfield code="a">Colección Educación hoy</subfield>
      <subfield code="a">Secundaria para todos</subfield>
      <subfield code="a">Educación hoy</subfield>
      <subfield code="a">Sociocultural</subfield>
      <subfield code="a">Educación hoy</subfield>
      <subfield code="a">Ciencias geográficas</subfield>
      <subfield code="v">4</subfield>
    </datafield>
    <datafield tag="650" ind1=" " ind2=" ">
      <subfield code="a"> GEOGRAFIA HUMANA</subfield>
    </datafield>
    <datafield tag="650" ind1=" " ind2=" ">
      <subfield code="a"> GEOGRAFIA REGIONAL</subfield>
    </datafield>
    <datafield tag="650" ind1=" " ind2=" ">
      <subfield code="a"> GEOGRAFIA ECONOMICA</subfield>
    </datafield>
    <datafield tag="942" ind1=" " ind2=" ">
      <subfield code="c">BK</subfield>
    </datafield>
    <datafield tag="952" ind1=" " ind2=" ">
      <subfield code="a">BIB_RECT</subfield>
      <subfield code="b">BIB_UASJ</subfield>
      <subfield code="d">2005-08-23</subfield>
      <subfield code="y">BK</subfield>
      <subfield code="p">04-22313</subfield>
      <subfield code="i">04-22313</subfield>
      <subfield code="g">74</subfield>
      <subfield code="o">911.3 C617e2</subfield>
      <subfield code="e">SIUNPA</subfield>
      <subfield code="8">CG</subfield>
    </datafield>
  </record>