
  <record>
    <leader>01000aam  22002601a 4500</leader>
    <controlfield tag="001">YPZ1755</controlfield>
    <controlfield tag="003">YPZ</controlfield>
    <controlfield tag="005">200407280000000</controlfield>
    <controlfield tag="008">040728|###########||||||b||||||||||spa|d</controlfield>
    <datafield tag="020" ind1=" " ind2=" ">
      <subfield code="a">8433105655</subfield>
    </datafield>
    <datafield tag="040" ind1=" " ind2=" ">
      <subfield code="c">SIUNPA</subfield>
    </datafield>
    <datafield tag="041" ind1=" " ind2=" ">
      <subfield code="a">spa</subfield>
    </datafield>
    <datafield tag="044" ind1=" " ind2=" ">
      <subfield code="a">ES</subfield>
    </datafield>
    <datafield tag="080" ind1=" " ind2=" ">
      <subfield code="a">373.31 R364p</subfield>
    </datafield>
    <datafield tag="100" ind1=" " ind2=" ">
      <subfield code="a">Reina, Juan José.</subfield>
    </datafield>
    <datafield tag="700" ind1=" " ind2=" ">
      <subfield code="a">Aliende, Enrique.</subfield>
    </datafield>
    <datafield tag="700" ind1=" " ind2=" ">
      <subfield code="a">Rodríguez, Adolfo.</subfield>
    </datafield>
    <datafield tag="245" ind1=" " ind2=" ">
      <subfield code="a">Proyecto curricular de educación primaria</subfield>
      <subfield code="b"> : qué, cómo, cuándo enseñar y evaluar</subfield>
    </datafield>
    <datafield tag="260" ind1=" " ind2=" ">
      <subfield code="a">Madrid</subfield>
      <subfield code="b"> : Escuela Española</subfield>
      <subfield code="c"> , 1992</subfield>
    </datafield>
    <datafield tag="300" ind1=" " ind2=" ">
      <subfield code="a">325 p. : </subfield>
      <subfield code="b">il. ; </subfield>
    </datafield>
    <datafield tag="440" ind1=" " ind2=" ">
      <subfield code="a">Biblioteca breve</subfield>
      <subfield code="a">Teoría</subfield>
      <subfield code="a">Psicología, etología y psicoanálisis</subfield>
      <subfield code="a">Filosofía</subfield>
      <subfield code="a">Guías de agricultura y ganaderia</subfield>
      <subfield code="a">Ética de las profesiones</subfield>
      <subfield code="a">Los programas de la reforma</subfield>
      <subfield code="a">De la reforma educativa al aula</subfield>
      <subfield code="v">4</subfield>
    </datafield>
    <datafield tag="490" ind1=" " ind2=" ">
      <subfield code="a">Biblioteca breve</subfield>
      <subfield code="a">Teoría</subfield>
      <subfield code="a">Psicología, etología y psicoanálisis</subfield>
      <subfield code="a">Filosofía</subfield>
      <subfield code="a">Guías de agricultura y ganaderia</subfield>
      <subfield code="a">Ética de las profesiones</subfield>
      <subfield code="a">Los programas de la reforma</subfield>
      <subfield code="a">De la reforma educativa al aula</subfield>
      <subfield code="v">4</subfield>
    </datafield>
    <datafield tag="650" ind1=" " ind2=" ">
      <subfield code="a"> ENSEÑANZA PRIMARIA</subfield>
    </datafield>
    <datafield tag="650" ind1=" " ind2=" ">
      <subfield code="a"> ORGANIZACION DE LA EDUCACION</subfield>
    </datafield>
    <datafield tag="650" ind1=" " ind2=" ">
      <subfield code="a"> CURRICULUM ESCOLAR</subfield>
    </datafield>
    <datafield tag="942" ind1=" " ind2=" ">
      <subfield code="c">BK</subfield>
    </datafield>
    <datafield tag="952" ind1=" " ind2=" ">
      <subfield code="a">BIB_RECT</subfield>
      <subfield code="b">BIB_UACO</subfield>
      <subfield code="d">2005-08-23</subfield>
      <subfield code="y">BK</subfield>
      <subfield code="p">02-02066</subfield>
      <subfield code="i">02-02066</subfield>
      <subfield code="g">20</subfield>
      <subfield code="o">373.31 R364p</subfield>
      <subfield code="e">Donación</subfield>
      <subfield code="8">CG</subfield>
    </datafield>
  </record>