
  <record>
    <leader>01000aam  22002601a 4500</leader>
    <controlfield tag="001">YPZ1790</controlfield>
    <controlfield tag="003">YPZ</controlfield>
    <controlfield tag="005">200503290000000</controlfield>
    <controlfield tag="008">050329|###########||||||b||||||||||spa|d</controlfield>
    <datafield tag="020" ind1=" " ind2=" ">
      <subfield code="a">8434574047</subfield>
    </datafield>
    <datafield tag="040" ind1=" " ind2=" ">
      <subfield code="c">SIUNPA</subfield>
    </datafield>
    <datafield tag="041" ind1=" " ind2=" ">
      <subfield code="a">spa</subfield>
    </datafield>
    <datafield tag="044" ind1=" " ind2=" ">
      <subfield code="a">ES</subfield>
    </datafield>
    <datafield tag="080" ind1=" " ind2=" ">
      <subfield code="a">316.323.2 L792s</subfield>
    </datafield>
    <datafield tag="100" ind1=" " ind2=" ">
      <subfield code="a">Llobera, José Ramón.</subfield>
    </datafield>
    <datafield tag="245" ind1=" " ind2=" ">
      <subfield code="a">Las sociedades primitivas</subfield>
      <subfield code="c"> / Lévi-Strauss, Claude ; Alba, María Dolores, il. ; Casals, Josefa, il. ; Llopis, Carmen, il. ; Pisonero, Jaime, il.</subfield>
    </datafield>
    <datafield tag="260" ind1=" " ind2=" ">
      <subfield code="a">Barcelona</subfield>
      <subfield code="b"> : Salvat</subfield>
      <subfield code="c"> , 1973</subfield>
    </datafield>
    <datafield tag="300" ind1=" " ind2=" ">
      <subfield code="a">140 p. : </subfield>
      <subfield code="b">il. ; </subfield>
    </datafield>
    <datafield tag="440" ind1=" " ind2=" ">
      <subfield code="a">Pequeño ingeniero</subfield>
      <subfield code="a">Pequeño ingeniero</subfield>
      <subfield code="a">Pequeño ingeniero</subfield>
      <subfield code="a">Pequeño ingeniero</subfield>
      <subfield code="a">Pequeño ingeniero</subfield>
      <subfield code="a">Ariel referencia</subfield>
      <subfield code="a">Ariel sociedad económica</subfield>
      <subfield code="a">Ariel sociedad económica</subfield>
      <subfield code="a">Ariel sociedad económica</subfield>
      <subfield code="a">Ariel practicum</subfield>
      <subfield code="a">Ariel practicum</subfield>
      <subfield code="a">Ariel Geografía</subfield>
      <subfield code="a">Ariel ciencias médicas</subfield>
      <subfield code="a">Ariel ciencias médicas</subfield>
      <subfield code="a">Aula / Ariel</subfield>
      <subfield code="a">Ariel Economía</subfield>
      <subfield code="a">Ariel Historia</subfield>
      <subfield code="a">Ariel Lingüística</subfield>
      <subfield code="a">Ariel Lingüística</subfield>
      <subfield code="a">Ariel Filosofía</subfield>
      <subfield code="a">Biblioteca Salvat de grandes temas</subfield>
      <subfield code="v">46</subfield>
    </datafield>
    <datafield tag="490" ind1=" " ind2=" ">
      <subfield code="a">Pequeño ingeniero</subfield>
      <subfield code="a">Pequeño ingeniero</subfield>
      <subfield code="a">Pequeño ingeniero</subfield>
      <subfield code="a">Pequeño ingeniero</subfield>
      <subfield code="a">Pequeño ingeniero</subfield>
      <subfield code="a">Ariel referencia</subfield>
      <subfield code="a">Ariel sociedad económica</subfield>
      <subfield code="a">Ariel sociedad económica</subfield>
      <subfield code="a">Ariel sociedad económica</subfield>
      <subfield code="a">Ariel practicum</subfield>
      <subfield code="a">Ariel practicum</subfield>
      <subfield code="a">Ariel Geografía</subfield>
      <subfield code="a">Ariel ciencias médicas</subfield>
      <subfield code="a">Ariel ciencias médicas</subfield>
      <subfield code="a">Aula / Ariel</subfield>
      <subfield code="a">Ariel Economía</subfield>
      <subfield code="a">Ariel Historia</subfield>
      <subfield code="a">Ariel Lingüística</subfield>
      <subfield code="a">Ariel Lingüística</subfield>
      <subfield code="a">Ariel Filosofía</subfield>
      <subfield code="a">Biblioteca Salvat de grandes temas</subfield>
      <subfield code="v">46</subfield>
    </datafield>
    <datafield tag="500" ind1=" " ind2=" ">
      <subfield code="a">Incluye una entrevista a Claude Lévi-Strauss</subfield>
    </datafield>
    <datafield tag="650" ind1=" " ind2=" ">
      <subfield code="a"> ESTRUCTURA SOCIAL</subfield>
    </datafield>
    <datafield tag="650" ind1=" " ind2=" ">
      <subfield code="a"> GRUPO ETNICO</subfield>
    </datafield>
    <datafield tag="650" ind1=" " ind2=" ">
      <subfield code="a"> ETNOGRAFIA</subfield>
    </datafield>
    <datafield tag="942" ind1=" " ind2=" ">
      <subfield code="c">BK</subfield>
    </datafield>
    <datafield tag="952" ind1=" " ind2=" ">
      <subfield code="a">BIB_RECT</subfield>
      <subfield code="b">BIB_UARG</subfield>
      <subfield code="d">2005-08-23</subfield>
      <subfield code="y">BK</subfield>
      <subfield code="p">05-27160</subfield>
      <subfield code="i">05-27160</subfield>
      <subfield code="g">12</subfield>
      <subfield code="o">316.323.2 L792s</subfield>
      <subfield code="e">Donación Facultad de</subfield>
      <subfield code="8">CG</subfield>
    </datafield>
  </record>