
  <record>
    <leader>01000aam  22002601a 4500</leader>
    <controlfield tag="001">YPZ1831</controlfield>
    <controlfield tag="003">YPZ</controlfield>
    <controlfield tag="005">200404290000000</controlfield>
    <controlfield tag="008">040429|###########||||||b||||||||||spa|d</controlfield>
    <datafield tag="020" ind1=" " ind2=" ">
      <subfield code="a">8437004055</subfield>
    </datafield>
    <datafield tag="040" ind1=" " ind2=" ">
      <subfield code="c">SIUNPA</subfield>
    </datafield>
    <datafield tag="041" ind1=" " ind2=" ">
      <subfield code="a">spa</subfield>
    </datafield>
    <datafield tag="044" ind1=" " ind2=" ">
      <subfield code="a">ES</subfield>
    </datafield>
    <datafield tag="080" ind1=" " ind2=" ">
      <subfield code="a">159.9 P654p</subfield>
    </datafield>
    <datafield tag="100" ind1=" " ind2=" ">
      <subfield code="a">Pinillos, José Luis.</subfield>
    </datafield>
    <datafield tag="245" ind1=" " ind2=" ">
      <subfield code="a">Psicología y psicohistoria</subfield>
      <subfield code="b"> : escritos seleccionados</subfield>
    </datafield>
    <datafield tag="260" ind1=" " ind2=" ">
      <subfield code="a">Valencia</subfield>
      <subfield code="b"> : Universitat de València</subfield>
      <subfield code="c"> , 1988</subfield>
    </datafield>
    <datafield tag="300" ind1=" " ind2=" ">
      <subfield code="a">760 p. : </subfield>
      <subfield code="b">cuadros ; </subfield>
      <subfield code="a">173 p. : </subfield>
    </datafield>
    <datafield tag="440" ind1=" " ind2=" ">
      <subfield code="a">El puente</subfield>
      <subfield code="a">Economía y administración de empresas</subfield>
      <subfield code="a">Economía y administración de empresas</subfield>
      <subfield code="a">Economía y administración de empresas</subfield>
      <subfield code="a">Economía y administración de empresas</subfield>
      <subfield code="a">Economía y administración de empresas</subfield>
      <subfield code="a">Colección ojos solares</subfield>
      <subfield code="a">Ciencia y técnica</subfield>
      <subfield code="a">Economía y administración de empresas</subfield>
      <subfield code="a">Economía y administración de empresas</subfield>
      <subfield code="a">Psicología / Pirámide</subfield>
      <subfield code="a">Economía y administración de empresas</subfield>
      <subfield code="a">Clásicos de la Economía</subfield>
      <subfield code="a">Economía y empresa</subfield>
      <subfield code="a">Psicología / Pirámide</subfield>
      <subfield code="a">Economía y empresa</subfield>
      <subfield code="a">Economía y empresa</subfield>
      <subfield code="a">Economía y empresa</subfield>
      <subfield code="a">Economía y empresa</subfield>
      <subfield code="a">Economía y empresa</subfield>
      <subfield code="a">Col.lecció honoris causa</subfield>
      <subfield code="v">6</subfield>
    </datafield>
    <datafield tag="490" ind1=" " ind2=" ">
      <subfield code="a">El puente</subfield>
      <subfield code="a">Economía y administración de empresas</subfield>
      <subfield code="a">Economía y administración de empresas</subfield>
      <subfield code="a">Economía y administración de empresas</subfield>
      <subfield code="a">Economía y administración de empresas</subfield>
      <subfield code="a">Economía y administración de empresas</subfield>
      <subfield code="a">Colección ojos solares</subfield>
      <subfield code="a">Ciencia y técnica</subfield>
      <subfield code="a">Economía y administración de empresas</subfield>
      <subfield code="a">Economía y administración de empresas</subfield>
      <subfield code="a">Psicología / Pirámide</subfield>
      <subfield code="a">Economía y administración de empresas</subfield>
      <subfield code="a">Clásicos de la Economía</subfield>
      <subfield code="a">Economía y empresa</subfield>
      <subfield code="a">Psicología / Pirámide</subfield>
      <subfield code="a">Economía y empresa</subfield>
      <subfield code="a">Economía y empresa</subfield>
      <subfield code="a">Economía y empresa</subfield>
      <subfield code="a">Economía y empresa</subfield>
      <subfield code="a">Economía y empresa</subfield>
      <subfield code="a">Col.lecció honoris causa</subfield>
      <subfield code="v">6</subfield>
    </datafield>
    <datafield tag="650" ind1=" " ind2=" ">
      <subfield code="a"> PSICOLOGIA SOCIAL</subfield>
    </datafield>
    <datafield tag="650" ind1=" " ind2=" ">
      <subfield code="a"> PSICOHISTORIA</subfield>
    </datafield>
    <datafield tag="650" ind1=" " ind2=" ">
      <subfield code="a"> HISTORIOGRAFIA</subfield>
    </datafield>
    <datafield tag="942" ind1=" " ind2=" ">
      <subfield code="c">BK</subfield>
    </datafield>
    <datafield tag="952" ind1=" " ind2=" ">
      <subfield code="a">BIB_RECT</subfield>
      <subfield code="b">BIB_UARG</subfield>
      <subfield code="d">2005-08-23</subfield>
      <subfield code="y">BK</subfield>
      <subfield code="p">05-21908</subfield>
      <subfield code="i">05-21908</subfield>
      <subfield code="g">15</subfield>
      <subfield code="o">159.9 P654p</subfield>
      <subfield code="e">Donación</subfield>
      <subfield code="8">CG</subfield>
    </datafield>
  </record>