
  <record>
    <leader>01000aam  22002601a 4500</leader>
    <controlfield tag="001">YPZ1908</controlfield>
    <controlfield tag="003">YPZ</controlfield>
    <controlfield tag="005">200404290000000</controlfield>
    <controlfield tag="008">040429|###########||||||b||||||||||spa|d</controlfield>
    <datafield tag="020" ind1=" " ind2=" ">
      <subfield code="a">8447300048</subfield>
    </datafield>
    <datafield tag="040" ind1=" " ind2=" ">
      <subfield code="c">SIUNPA</subfield>
    </datafield>
    <datafield tag="041" ind1=" " ind2=" ">
      <subfield code="a">spa</subfield>
    </datafield>
    <datafield tag="044" ind1=" " ind2=" ">
      <subfield code="a">ES</subfield>
    </datafield>
    <datafield tag="080" ind1=" " ind2=" ">
      <subfield code="a">821.162.3 K964i</subfield>
    </datafield>
    <datafield tag="100" ind1=" " ind2=" ">
      <subfield code="a">Kundera, Milan.</subfield>
    </datafield>
    <datafield tag="245" ind1=" " ind2=" ">
      <subfield code="a">La insoportable levedad del ser</subfield>
      <subfield code="c"> / Valenzuela, Fernando de, tr.</subfield>
    </datafield>
    <datafield tag="260" ind1=" " ind2=" ">
      <subfield code="a">Barcelona</subfield>
      <subfield code="b"> : RBA</subfield>
      <subfield code="c"> , 1993</subfield>
    </datafield>
    <datafield tag="300" ind1=" " ind2=" ">
      <subfield code="a">316 p. : </subfield>
    </datafield>
    <datafield tag="440" ind1=" " ind2=" ">
      <subfield code="a">Guías prácticas</subfield>
      <subfield code="a">Guías prácticas</subfield>
      <subfield code="a">Guías prácticas</subfield>
      <subfield code="a">Serie manuales de enfermería</subfield>
      <subfield code="a">Serie manuales de enfermería</subfield>
      <subfield code="a">Serie manuales de enfermería</subfield>
      <subfield code="a">Colección PYR</subfield>
      <subfield code="a">Serie manuales de enfermería</subfield>
      <subfield code="a">Biblioteca Civitas economía y empresa. Colección empresa</subfield>
      <subfield code="a">Narrativa actual</subfield>
      <subfield code="v">3</subfield>
    </datafield>
    <datafield tag="490" ind1=" " ind2=" ">
      <subfield code="a">Guías prácticas</subfield>
      <subfield code="a">Guías prácticas</subfield>
      <subfield code="a">Guías prácticas</subfield>
      <subfield code="a">Serie manuales de enfermería</subfield>
      <subfield code="a">Serie manuales de enfermería</subfield>
      <subfield code="a">Serie manuales de enfermería</subfield>
      <subfield code="a">Colección PYR</subfield>
      <subfield code="a">Serie manuales de enfermería</subfield>
      <subfield code="a">Biblioteca Civitas economía y empresa. Colección empresa</subfield>
      <subfield code="a">Narrativa actual</subfield>
      <subfield code="v">3</subfield>
    </datafield>
    <datafield tag="650" ind1=" " ind2=" ">
      <subfield code="a"> LITERATURA CHECA</subfield>
    </datafield>
    <datafield tag="650" ind1=" " ind2=" ">
      <subfield code="a"> NOVELA</subfield>
    </datafield>
    <datafield tag="942" ind1=" " ind2=" ">
      <subfield code="c">BK</subfield>
    </datafield>
    <datafield tag="952" ind1=" " ind2=" ">
      <subfield code="a">BIB_RECT</subfield>
      <subfield code="b">BIB_UARG</subfield>
      <subfield code="d">2005-08-23</subfield>
      <subfield code="y">BK</subfield>
      <subfield code="p">05-21648</subfield>
      <subfield code="i">05-21648</subfield>
      <subfield code="g">20</subfield>
      <subfield code="o">821.162.3 K964i</subfield>
      <subfield code="e">Canje</subfield>
      <subfield code="8">CG</subfield>
    </datafield>
  </record>