
  <record>
    <leader>01000aam  22002601a 4500</leader>
    <controlfield tag="001">YPZ1934</controlfield>
    <controlfield tag="003">YPZ</controlfield>
    <controlfield tag="005">200404290000000</controlfield>
    <controlfield tag="008">040429|###########||||||b||||||||||spa|d</controlfield>
    <datafield tag="020" ind1=" " ind2=" ">
      <subfield code="a">8448108140</subfield>
    </datafield>
    <datafield tag="040" ind1=" " ind2=" ">
      <subfield code="c">SIUNPA</subfield>
    </datafield>
    <datafield tag="041" ind1=" " ind2=" ">
      <subfield code="a">spa</subfield>
    </datafield>
    <datafield tag="044" ind1=" " ind2=" ">
      <subfield code="a">AR</subfield>
    </datafield>
    <datafield tag="080" ind1=" " ind2=" ">
      <subfield code="a">33 M688e2</subfield>
    </datafield>
    <datafield tag="100" ind1=" " ind2=" ">
      <subfield code="a">Mochón Morcillo, Francisco.</subfield>
    </datafield>
    <datafield tag="700" ind1=" " ind2=" ">
      <subfield code="a">Beker, Víctor Alberto.</subfield>
    </datafield>
    <datafield tag="245" ind1=" " ind2=" ">
      <subfield code="a">Economía</subfield>
      <subfield code="b"> : principios y aplicaciones</subfield>
    </datafield>
    <datafield tag="250" ind1=" " ind2=" ">
      <subfield code="a">2a ed.</subfield>
    </datafield>
    <datafield tag="260" ind1=" " ind2=" ">
      <subfield code="a">Madrid</subfield>
      <subfield code="b"> : McGraw-Hill Interamericana</subfield>
      <subfield code="c"> , 1997</subfield>
    </datafield>
    <datafield tag="650" ind1=" " ind2=" ">
      <subfield code="a"> ECONOMIA</subfield>
    </datafield>
    <datafield tag="650" ind1=" " ind2=" ">
      <subfield code="a"> TEORIA ECONOMICA</subfield>
    </datafield>
    <datafield tag="650" ind1=" " ind2=" ">
      <subfield code="a"> MICROECONOMIA</subfield>
    </datafield>
    <datafield tag="650" ind1=" " ind2=" ">
      <subfield code="a"> MACROECONOMIA</subfield>
    </datafield>
    <datafield tag="942" ind1=" " ind2=" ">
      <subfield code="c">BK</subfield>
    </datafield>
    <datafield tag="952" ind1=" " ind2=" ">
      <subfield code="a">BIB_RECT</subfield>
      <subfield code="b">BIB_UACO</subfield>
      <subfield code="d">2006-12-21</subfield>
      <subfield code="y">BK</subfield>
      <subfield code="p">02-04072</subfield>
      <subfield code="i">02-04072</subfield>
      <subfield code="g">100</subfield>
      <subfield code="o">33 M688e2</subfield>
      <subfield code="e">FOMEC585</subfield>
      <subfield code="8">CG</subfield>
    </datafield>
    <datafield tag="952" ind1=" " ind2=" ">
      <subfield code="a">BIB_RECT</subfield>
      <subfield code="b">BIB_UACO</subfield>
      <subfield code="d">2006-12-21</subfield>
      <subfield code="y">BK</subfield>
      <subfield code="p">02-04073</subfield>
      <subfield code="i">02-04073</subfield>
      <subfield code="g">100</subfield>
      <subfield code="o">33 M688e2</subfield>
      <subfield code="e">FOMEC585</subfield>
      <subfield code="8">CG</subfield>
    </datafield>
    <datafield tag="952" ind1=" " ind2=" ">
      <subfield code="a">BIB_RECT</subfield>
      <subfield code="b">BIB_UACO</subfield>
      <subfield code="d">2006-12-21</subfield>
      <subfield code="y">BK</subfield>
      <subfield code="p">02-04074</subfield>
      <subfield code="i">02-04074</subfield>
      <subfield code="g">100</subfield>
      <subfield code="o">33 M688e2</subfield>
      <subfield code="e">FOMEC585</subfield>
      <subfield code="8">CG</subfield>
    </datafield>
    <datafield tag="952" ind1=" " ind2=" ">
      <subfield code="a">BIB_RECT</subfield>
      <subfield code="b">BIB_UACO</subfield>
      <subfield code="d">2006-12-21</subfield>
      <subfield code="y">BK</subfield>
      <subfield code="p">02-04075</subfield>
      <subfield code="i">02-04075</subfield>
      <subfield code="g">100</subfield>
      <subfield code="o">33 M688e2</subfield>
      <subfield code="e">FOMEC585</subfield>
      <subfield code="8">CG</subfield>
    </datafield>
    <datafield tag="952" ind1=" " ind2=" ">
      <subfield code="a">BIB_RECT</subfield>
      <subfield code="b">BIB_UACO</subfield>
      <subfield code="d">2006-12-21</subfield>
      <subfield code="y">BK</subfield>
      <subfield code="p">02-04076</subfield>
      <subfield code="i">02-04076</subfield>
      <subfield code="g">100</subfield>
      <subfield code="o">33 M688e2</subfield>
      <subfield code="e">FOMEC585</subfield>
      <subfield code="8">CG</subfield>
    </datafield>
    <datafield tag="952" ind1=" " ind2=" ">
      <subfield code="a">BIB_RECT</subfield>
      <subfield code="b">BIB_UACO</subfield>
      <subfield code="d">2006-12-21</subfield>
      <subfield code="y">BK</subfield>
      <subfield code="p">02-04077</subfield>
      <subfield code="i">02-04077</subfield>
      <subfield code="g">100</subfield>
      <subfield code="o">33 M688e2</subfield>
      <subfield code="e">FOMEC585</subfield>
      <subfield code="8">CG</subfield>
    </datafield>
    <datafield tag="952" ind1=" " ind2=" ">
      <subfield code="a">BIB_RECT</subfield>
      <subfield code="b">BIB_UACO</subfield>
      <subfield code="d">2006-12-21</subfield>
      <subfield code="y">BK</subfield>
      <subfield code="p">02-04078</subfield>
      <subfield code="i">02-04078</subfield>
      <subfield code="g">100</subfield>
      <subfield code="o">33 M688e2</subfield>
      <subfield code="e">FOMEC585</subfield>
      <subfield code="8">CG</subfield>
    </datafield>
    <datafield tag="952" ind1=" " ind2=" ">
      <subfield code="a">BIB_RECT</subfield>
      <subfield code="b">BIB_UACO</subfield>
      <subfield code="d">2006-12-21</subfield>
      <subfield code="y">BK</subfield>
      <subfield code="p">02-04079</subfield>
      <subfield code="i">02-04079</subfield>
      <subfield code="g">100</subfield>
      <subfield code="o">33 M688e2</subfield>
      <subfield code="e">FOMEC585</subfield>
      <subfield code="8">CG</subfield>
    </datafield>
    <datafield tag="952" ind1=" " ind2=" ">
      <subfield code="a">BIB_RECT</subfield>
      <subfield code="b">BIB_UART</subfield>
      <subfield code="d">2005-08-23</subfield>
      <subfield code="y">BK</subfield>
      <subfield code="p">03-00319</subfield>
      <subfield code="i">03-00319</subfield>
      <subfield code="g">76</subfield>
      <subfield code="o">33 M688e2</subfield>
      <subfield code="e">UART</subfield>
      <subfield code="8">CG</subfield>
    </datafield>
    <datafield tag="952" ind1=" " ind2=" ">
      <subfield code="a">BIB_RECT</subfield>
      <subfield code="b">BIB_UART</subfield>
      <subfield code="d">2005-08-23</subfield>
      <subfield code="y">BK</subfield>
      <subfield code="p">03-00320</subfield>
      <subfield code="i">03-00320</subfield>
      <subfield code="g">76</subfield>
      <subfield code="o">33 M688e2</subfield>
      <subfield code="e">UART</subfield>
      <subfield code="8">CG</subfield>
    </datafield>
    <datafield tag="952" ind1=" " ind2=" ">
      <subfield code="a">BIB_RECT</subfield>
      <subfield code="b">BIB_UART</subfield>
      <subfield code="d">2005-08-23</subfield>
      <subfield code="y">BK</subfield>
      <subfield code="p">03-00321</subfield>
      <subfield code="i">03-00321</subfield>
      <subfield code="g">76</subfield>
      <subfield code="o">33 M688e2</subfield>
      <subfield code="e">UART</subfield>
      <subfield code="8">CG</subfield>
    </datafield>
    <datafield tag="952" ind1=" " ind2=" ">
      <subfield code="a">BIB_RECT</subfield>
      <subfield code="b">BIB_UART</subfield>
      <subfield code="d">2005-08-23</subfield>
      <subfield code="y">BK</subfield>
      <subfield code="p">03-00322</subfield>
      <subfield code="i">03-00322</subfield>
      <subfield code="g">76</subfield>
      <subfield code="o">33 M688e2</subfield>
      <subfield code="e">UART</subfield>
      <subfield code="8">CG</subfield>
    </datafield>
    <datafield tag="952" ind1=" " ind2=" ">
      <subfield code="a">BIB_RECT</subfield>
      <subfield code="b">BIB_UART</subfield>
      <subfield code="d">2005-08-23</subfield>
      <subfield code="y">BK</subfield>
      <subfield code="p">03-21920</subfield>
      <subfield code="i">03-21920</subfield>
      <subfield code="g">76</subfield>
      <subfield code="o">33 M688e2</subfield>
      <subfield code="e">UART</subfield>
      <subfield code="8">CG</subfield>
    </datafield>
    <datafield tag="952" ind1=" " ind2=" ">
      <subfield code="a">BIB_RECT</subfield>
      <subfield code="b">BIB_UARG</subfield>
      <subfield code="d">2006-10-02</subfield>
      <subfield code="y">BK</subfield>
      <subfield code="p">05-15786</subfield>
      <subfield code="i">05-15786</subfield>
      <subfield code="g">70</subfield>
      <subfield code="o">33 M688e2</subfield>
      <subfield code="e">Migracion UARG</subfield>
      <subfield code="8">CG</subfield>
    </datafield>
    <datafield tag="952" ind1=" " ind2=" ">
      <subfield code="a">BIB_RECT</subfield>
      <subfield code="b">BIB_UARG</subfield>
      <subfield code="d">2006-10-02</subfield>
      <subfield code="y">BK</subfield>
      <subfield code="p">05-15787</subfield>
      <subfield code="i">05-15787</subfield>
      <subfield code="g">70</subfield>
      <subfield code="o">33 M688e2</subfield>
      <subfield code="e">Migracion UARG</subfield>
      <subfield code="8">CG</subfield>
    </datafield>
    <datafield tag="952" ind1=" " ind2=" ">
      <subfield code="a">BIB_RECT</subfield>
      <subfield code="b">BIB_UARG</subfield>
      <subfield code="d">2006-10-02</subfield>
      <subfield code="y">BK</subfield>
      <subfield code="p">05-16227</subfield>
      <subfield code="i">05-16227</subfield>
      <subfield code="g">70</subfield>
      <subfield code="o">33 M688e2</subfield>
      <subfield code="e">Migracion UARG</subfield>
      <subfield code="8">CG</subfield>
    </datafield>
    <datafield tag="952" ind1=" " ind2=" ">
      <subfield code="a">BIB_RECT</subfield>
      <subfield code="b">BIB_UARG</subfield>
      <subfield code="d">2006-10-02</subfield>
      <subfield code="y">BK</subfield>
      <subfield code="p">05-16228</subfield>
      <subfield code="i">05-16228</subfield>
      <subfield code="g">70</subfield>
      <subfield code="o">33 M688e2</subfield>
      <subfield code="e">Migracion UARG</subfield>
      <subfield code="8">CG</subfield>
    </datafield>
    <datafield tag="952" ind1=" " ind2=" ">
      <subfield code="a">BIB_RECT</subfield>
      <subfield code="b">BIB_UARG</subfield>
      <subfield code="d">2006-10-02</subfield>
      <subfield code="y">BK</subfield>
      <subfield code="p">05-16229</subfield>
      <subfield code="i">05-16229</subfield>
      <subfield code="g">70</subfield>
      <subfield code="o">33 M688e2</subfield>
      <subfield code="e">Migracion UARG</subfield>
      <subfield code="8">CG</subfield>
    </datafield>
    <datafield tag="952" ind1=" " ind2=" ">
      <subfield code="a">BIB_RECT</subfield>
      <subfield code="b">BIB_UARG</subfield>
      <subfield code="d">2006-10-02</subfield>
      <subfield code="y">BK</subfield>
      <subfield code="p">05-16230</subfield>
      <subfield code="i">05-16230</subfield>
      <subfield code="g">70</subfield>
      <subfield code="o">33 M688e2</subfield>
      <subfield code="e">Migracion UARG</subfield>
      <subfield code="8">CG</subfield>
    </datafield>
    <datafield tag="952" ind1=" " ind2=" ">
      <subfield code="a">BIB_RECT</subfield>
      <subfield code="b">BIB_UARG</subfield>
      <subfield code="d">2006-10-02</subfield>
      <subfield code="y">BK</subfield>
      <subfield code="p">05-16231</subfield>
      <subfield code="i">05-16231</subfield>
      <subfield code="g">70</subfield>
      <subfield code="o">33 M688e2</subfield>
      <subfield code="e">Migracion UARG</subfield>
      <subfield code="8">CG</subfield>
    </datafield>
  </record>