
  <record>
    <leader>01000aam  22002601a 4500</leader>
    <controlfield tag="001">YPZ1984</controlfield>
    <controlfield tag="003">YPZ</controlfield>
    <controlfield tag="005">200404290000000</controlfield>
    <controlfield tag="008">040429|###########||||||b||||||||||spa|d</controlfield>
    <datafield tag="020" ind1=" " ind2=" ">
      <subfield code="a">8448701704 (v.1)</subfield>
    </datafield>
    <datafield tag="020" ind1=" " ind2=" ">
      <subfield code="a">8448701712 (v.2)</subfield>
    </datafield>
    <datafield tag="020" ind1=" " ind2=" ">
      <subfield code="a">844870164X (v.3)</subfield>
    </datafield>
    <datafield tag="040" ind1=" " ind2=" ">
      <subfield code="c">SIUNPA</subfield>
    </datafield>
    <datafield tag="041" ind1=" " ind2=" ">
      <subfield code="a">spa</subfield>
    </datafield>
    <datafield tag="044" ind1=" " ind2=" ">
      <subfield code="a">ES</subfield>
    </datafield>
    <datafield tag="080" ind1=" " ind2=" ">
      <subfield code="a">821.133.1 M623e</subfield>
    </datafield>
    <datafield tag="100" ind1=" " ind2=" ">
      <subfield code="a">Montaigne, Michel de.</subfield>
    </datafield>
    <datafield tag="245" ind1=" " ind2=" ">
      <subfield code="a">Ensayos</subfield>
      <subfield code="c"> / Picazo, María Dolores, tr. ; Montojo, Almudena, tr.</subfield>
    </datafield>
    <datafield tag="260" ind1=" " ind2=" ">
      <subfield code="a">Barcelona</subfield>
      <subfield code="b"> : Altaya</subfield>
      <subfield code="c"> , 1995</subfield>
    </datafield>
    <datafield tag="440" ind1=" " ind2=" ">
      <subfield code="a">Serie McGraw-Hill de management</subfield>
      <subfield code="a">Serie McGraw-Hill de management</subfield>
      <subfield code="a">Serie McGraw-Hill de management</subfield>
      <subfield code="a">Biblioteca del programador</subfield>
      <subfield code="a">Serie McGraw-Hill de management</subfield>
      <subfield code="a">Serie de Telecomunicaciones</subfield>
      <subfield code="a">Colección literaria</subfield>
      <subfield code="a">Colección literaria</subfield>
      <subfield code="a">Grandes obras del pensamiento</subfield>
      <subfield code="v">51-53</subfield>
    </datafield>
    <datafield tag="490" ind1=" " ind2=" ">
      <subfield code="a">Serie McGraw-Hill de management</subfield>
      <subfield code="a">Serie McGraw-Hill de management</subfield>
      <subfield code="a">Serie McGraw-Hill de management</subfield>
      <subfield code="a">Biblioteca del programador</subfield>
      <subfield code="a">Serie McGraw-Hill de management</subfield>
      <subfield code="a">Serie de Telecomunicaciones</subfield>
      <subfield code="a">Colección literaria</subfield>
      <subfield code="a">Colección literaria</subfield>
      <subfield code="a">Grandes obras del pensamiento</subfield>
      <subfield code="v">51-53</subfield>
    </datafield>
    <datafield tag="650" ind1=" " ind2=" ">
      <subfield code="a"> LITERATURA FRANCESA</subfield>
    </datafield>
    <datafield tag="650" ind1=" " ind2=" ">
      <subfield code="a"> ENSAYO (LITERATURA)</subfield>
    </datafield>
    <datafield tag="650" ind1=" " ind2=" ">
      <subfield code="a"> HUMANISMO</subfield>
    </datafield>
    <datafield tag="942" ind1=" " ind2=" ">
      <subfield code="c">BK</subfield>
    </datafield>
    <datafield tag="952" ind1=" " ind2=" ">
      <subfield code="a">BIB_RECT</subfield>
      <subfield code="b">SAT_APSI</subfield>
      <subfield code="d">2005-08-23</subfield>
      <subfield code="y">BK</subfield>
      <subfield code="p">14-20685</subfield>
      <subfield code="i">14-20685</subfield>
      <subfield code="g">30</subfield>
      <subfield code="o">821.133.1 M623e</subfield>
      <subfield code="e">Comodato BAP</subfield>
      <subfield code="8">CG</subfield>
    </datafield>
    <datafield tag="952" ind1=" " ind2=" ">
      <subfield code="a">BIB_RECT</subfield>
      <subfield code="b">SAT_APSI</subfield>
      <subfield code="d">2005-08-23</subfield>
      <subfield code="y">BK</subfield>
      <subfield code="p">14-20686</subfield>
      <subfield code="i">14-20686</subfield>
      <subfield code="g">30</subfield>
      <subfield code="o">821.133.1 M623e</subfield>
      <subfield code="e">Comodato BAP</subfield>
      <subfield code="8">CG</subfield>
    </datafield>
    <datafield tag="952" ind1=" " ind2=" ">
      <subfield code="a">BIB_RECT</subfield>
      <subfield code="b">SAT_APSI</subfield>
      <subfield code="d">2005-08-23</subfield>
      <subfield code="y">BK</subfield>
      <subfield code="p">14-20687</subfield>
      <subfield code="i">14-20687</subfield>
      <subfield code="g">30</subfield>
      <subfield code="o">821.133.1 M623e</subfield>
      <subfield code="e">Comodato BAP</subfield>
      <subfield code="8">CG</subfield>
    </datafield>
  </record>