
  <record>
    <leader>01000aam  22002601a 4500</leader>
    <controlfield tag="001">YPZ1996</controlfield>
    <controlfield tag="003">YPZ</controlfield>
    <controlfield tag="005">200405140000000</controlfield>
    <controlfield tag="008">040514|###########||||||b||||||||||spa|d</controlfield>
    <datafield tag="020" ind1=" " ind2=" ">
      <subfield code="a">8449302412</subfield>
    </datafield>
    <datafield tag="040" ind1=" " ind2=" ">
      <subfield code="c">SIUNPA</subfield>
    </datafield>
    <datafield tag="041" ind1=" " ind2=" ">
      <subfield code="a">spa</subfield>
    </datafield>
    <datafield tag="044" ind1=" " ind2=" ">
      <subfield code="a">ES</subfield>
    </datafield>
    <datafield tag="080" ind1=" " ind2=" ">
      <subfield code="a">37.013 G528p</subfield>
    </datafield>
    <datafield tag="100" ind1=" " ind2=" ">
      <subfield code="a">Giroux, Henry A..</subfield>
    </datafield>
    <datafield tag="245" ind1=" " ind2=" ">
      <subfield code="a">Placeres inquietantes</subfield>
      <subfield code="b"> : aprendiendo la cultura popular</subfield>
      <subfield code="c"> / Tosaus Abadía, Pedro, tr.</subfield>
    </datafield>
    <datafield tag="250" ind1=" " ind2=" ">
      <subfield code="a">1a ed.</subfield>
    </datafield>
    <datafield tag="260" ind1=" " ind2=" ">
      <subfield code="a">Barcelona</subfield>
      <subfield code="b"> : Paidós</subfield>
      <subfield code="c"> , 1996</subfield>
    </datafield>
    <datafield tag="300" ind1=" " ind2=" ">
      <subfield code="a">272 p. : </subfield>
      <subfield code="b">il. ; </subfield>
    </datafield>
    <datafield tag="440" ind1=" " ind2=" ">
      <subfield code="a">Paidós educador</subfield>
      <subfield code="v">120</subfield>
    </datafield>
    <datafield tag="490" ind1=" " ind2=" ">
      <subfield code="a">Paidós educador</subfield>
      <subfield code="v">120</subfield>
    </datafield>
    <datafield tag="650" ind1=" " ind2=" ">
      <subfield code="a"> TEORIAS DE LA EDUCACION  POLITICAS DE EDUCACION</subfield>
    </datafield>
    <datafield tag="650" ind1=" " ind2=" ">
      <subfield code="a"> EDUCACION MULTICULTURAL</subfield>
    </datafield>
    <datafield tag="650" ind1=" " ind2=" ">
      <subfield code="a"> ESCUELAS PUBLICAS</subfield>
    </datafield>
    <datafield tag="650" ind1=" " ind2=" ">
      <subfield code="a"> ESTRATEGIAS EDUCACIONALES</subfield>
    </datafield>
    <datafield tag="650" ind1=" " ind2=" ">
      <subfield code="a"> PEDAGOGIA</subfield>
    </datafield>
    <datafield tag="942" ind1=" " ind2=" ">
      <subfield code="c">BK</subfield>
    </datafield>
    <datafield tag="952" ind1=" " ind2=" ">
      <subfield code="a">BIB_RECT</subfield>
      <subfield code="b">BIB_UACO</subfield>
      <subfield code="d">2005-08-23</subfield>
      <subfield code="y">BK</subfield>
      <subfield code="p">02-24206</subfield>
      <subfield code="i">02-24206</subfield>
      <subfield code="g">43</subfield>
      <subfield code="o">37.013 G528p</subfield>
      <subfield code="e">SIUNPA</subfield>
      <subfield code="8">CG</subfield>
    </datafield>
    <datafield tag="952" ind1=" " ind2=" ">
      <subfield code="a">BIB_RECT</subfield>
      <subfield code="b">BIB_UACO</subfield>
      <subfield code="d">2005-08-23</subfield>
      <subfield code="y">BK</subfield>
      <subfield code="p">02-24207</subfield>
      <subfield code="i">02-24207</subfield>
      <subfield code="g">43</subfield>
      <subfield code="o">37.013 G528p</subfield>
      <subfield code="e">SIUNPA</subfield>
      <subfield code="8">CG</subfield>
    </datafield>
    <datafield tag="952" ind1=" " ind2=" ">
      <subfield code="a">BIB_RECT</subfield>
      <subfield code="b">BIB_UACO</subfield>
      <subfield code="d">2005-08-23</subfield>
      <subfield code="y">BK</subfield>
      <subfield code="p">02-24208</subfield>
      <subfield code="i">02-24208</subfield>
      <subfield code="g">43</subfield>
      <subfield code="o">37.013 G528p</subfield>
      <subfield code="e">SIUNPA</subfield>
      <subfield code="8">CG</subfield>
    </datafield>
  </record>