
  <record>
    <leader>01000aam  22002601a 4500</leader>
    <controlfield tag="001">YPZ2092</controlfield>
    <controlfield tag="003">YPZ</controlfield>
    <controlfield tag="005">200404290000000</controlfield>
    <controlfield tag="008">040429|###########||||||b||||||||||spa|d</controlfield>
    <datafield tag="020" ind1=" " ind2=" ">
      <subfield code="a">8471124181</subfield>
    </datafield>
    <datafield tag="040" ind1=" " ind2=" ">
      <subfield code="c">SIUNPA</subfield>
    </datafield>
    <datafield tag="041" ind1=" " ind2=" ">
      <subfield code="a">spa</subfield>
    </datafield>
    <datafield tag="044" ind1=" " ind2=" ">
      <subfield code="a">ES</subfield>
    </datafield>
    <datafield tag="080" ind1=" " ind2=" ">
      <subfield code="a">004.05 S774c</subfield>
    </datafield>
    <datafield tag="100" ind1=" " ind2=" ">
      <subfield code="a">Squires, David.</subfield>
    </datafield>
    <datafield tag="700" ind1=" " ind2=" ">
      <subfield code="a">McDougall, Anne.</subfield>
    </datafield>
    <datafield tag="245" ind1=" " ind2=" ">
      <subfield code="a">Cómo elegir y utilizar software educativo</subfield>
      <subfield code="b"> : guía para el profesorado</subfield>
      <subfield code="c"> / Manzano, Pablo, tr.</subfield>
    </datafield>
    <datafield tag="260" ind1=" " ind2=" ">
      <subfield code="a">Madrid</subfield>
      <subfield code="b"> : Fundación Paideia</subfield>
      <subfield code="b"> : Morata</subfield>
      <subfield code="c"> , 1997</subfield>
    </datafield>
    <datafield tag="300" ind1=" " ind2=" ">
      <subfield code="a">174 p. : </subfield>
      <subfield code="b">cuadros ; </subfield>
    </datafield>
    <datafield tag="440" ind1=" " ind2=" ">
      <subfield code="a">Educación crítica</subfield>
      <subfield code="a">Educación crítica</subfield>
      <subfield code="a">Colección Pedagogía. Manuales</subfield>
      <subfield code="a">Colección Pedagogía. Manuales</subfield>
      <subfield code="a">Colección Pedagogía. Manuales</subfield>
      <subfield code="a">Colección Pedagogía. Manuales</subfield>
      <subfield code="a">Raíces de la memoria</subfield>
      <subfield code="a">Colección Pedagogía. Manuales</subfield>
      <subfield code="a">Colección Educación crítica</subfield>
      <subfield code="v">K</subfield>
    </datafield>
    <datafield tag="490" ind1=" " ind2=" ">
      <subfield code="a">Educación crítica</subfield>
      <subfield code="a">Educación crítica</subfield>
      <subfield code="a">Colección Pedagogía. Manuales</subfield>
      <subfield code="a">Colección Pedagogía. Manuales</subfield>
      <subfield code="a">Colección Pedagogía. Manuales</subfield>
      <subfield code="a">Colección Pedagogía. Manuales</subfield>
      <subfield code="a">Raíces de la memoria</subfield>
      <subfield code="a">Colección Pedagogía. Manuales</subfield>
      <subfield code="a">Colección Educación crítica</subfield>
      <subfield code="v">K</subfield>
    </datafield>
    <datafield tag="650" ind1=" " ind2=" ">
      <subfield code="a"> INFORMATICA EDUCATIVA</subfield>
    </datafield>
    <datafield tag="650" ind1=" " ind2=" ">
      <subfield code="a"> ENSEÑANZA POR COMPUTADORA</subfield>
    </datafield>
    <datafield tag="650" ind1=" " ind2=" ">
      <subfield code="a"> SELECCION DE MATERIAL DIDACTICO</subfield>
    </datafield>
    <datafield tag="650" ind1=" " ind2=" ">
      <subfield code="a"> SOFTWARE EDUCATIVO</subfield>
    </datafield>
    <datafield tag="942" ind1=" " ind2=" ">
      <subfield code="c">BK</subfield>
    </datafield>
    <datafield tag="952" ind1=" " ind2=" ">
      <subfield code="a">BIB_RECT</subfield>
      <subfield code="b">BIB_UART</subfield>
      <subfield code="d">2005-08-23</subfield>
      <subfield code="y">BK</subfield>
      <subfield code="p">03-22509</subfield>
      <subfield code="i">03-22509</subfield>
      <subfield code="g">64.9</subfield>
      <subfield code="o">004.05 S774c</subfield>
      <subfield code="e">SIUNPA</subfield>
      <subfield code="8">CG</subfield>
    </datafield>
    <datafield tag="952" ind1=" " ind2=" ">
      <subfield code="a">BIB_RECT</subfield>
      <subfield code="b">BIB_UARG</subfield>
      <subfield code="d">2006-08-28</subfield>
      <subfield code="y">BK</subfield>
      <subfield code="p">05-16370</subfield>
      <subfield code="i">05-16370</subfield>
      <subfield code="g"/>
      <subfield code="o">004.05 S774c</subfield>
      <subfield code="e">CASAS, SANDRA</subfield>
      <subfield code="8">CG</subfield>
    </datafield>
  </record>