
  <record>
    <leader>01000aam  22002601a 4500</leader>
    <controlfield tag="001">YPZ2126</controlfield>
    <controlfield tag="003">YPZ</controlfield>
    <controlfield tag="005">200404290000000</controlfield>
    <controlfield tag="008">040429|###########||||||b||||||||||spa|d</controlfield>
    <datafield tag="020" ind1=" " ind2=" ">
      <subfield code="a">8471627736</subfield>
    </datafield>
    <datafield tag="040" ind1=" " ind2=" ">
      <subfield code="c">SIUNPA</subfield>
    </datafield>
    <datafield tag="041" ind1=" " ind2=" ">
      <subfield code="a">spa</subfield>
    </datafield>
    <datafield tag="044" ind1=" " ind2=" ">
      <subfield code="a">ES</subfield>
    </datafield>
    <datafield tag="080" ind1=" " ind2=" ">
      <subfield code="a">331.56 M251u</subfield>
    </datafield>
    <datafield tag="100" ind1=" " ind2=" ">
      <subfield code="a">Malinvaud, Edmond.</subfield>
    </datafield>
    <datafield tag="245" ind1=" " ind2=" ">
      <subfield code="a">Una reconsideración de la teoría del paro</subfield>
      <subfield code="c"> / Aubareda, Josep, tr.</subfield>
    </datafield>
    <datafield tag="260" ind1=" " ind2=" ">
      <subfield code="a">Barcelona</subfield>
      <subfield code="b"> : Antoni Bosch, ed.</subfield>
      <subfield code="c"> , 1979</subfield>
    </datafield>
    <datafield tag="300" ind1=" " ind2=" ">
      <subfield code="a">4 v. : </subfield>
      <subfield code="b">il. ; </subfield>
      <subfield code="a">viii,91 p. : </subfield>
    </datafield>
    <datafield tag="440" ind1=" " ind2=" ">
      <subfield code="a">Colección Pedagogía. Manuales</subfield>
      <subfield code="a">Colección Ingeniería medioambiental</subfield>
      <subfield code="a">Colección Ingeniería del medio ambiente</subfield>
      <subfield code="a">Administración y finanzas. Grado superior</subfield>
      <subfield code="a">Colección aula abierta</subfield>
      <subfield code="a">Colección aula abierta</subfield>
      <subfield code="a">Colección aula abierta</subfield>
      <subfield code="a">Colección aula abierta</subfield>
      <subfield code="a">Colección aula abierta</subfield>
      <subfield code="a">Colección aula abierta</subfield>
      <subfield code="a">Manuales de metodología de investigación educativa</subfield>
      <subfield code="a">Economía / Antoni Bosch</subfield>
      <subfield code="v">1</subfield>
    </datafield>
    <datafield tag="490" ind1=" " ind2=" ">
      <subfield code="a">Colección Pedagogía. Manuales</subfield>
      <subfield code="a">Colección Ingeniería medioambiental</subfield>
      <subfield code="a">Colección Ingeniería del medio ambiente</subfield>
      <subfield code="a">Administración y finanzas. Grado superior</subfield>
      <subfield code="a">Colección aula abierta</subfield>
      <subfield code="a">Colección aula abierta</subfield>
      <subfield code="a">Colección aula abierta</subfield>
      <subfield code="a">Colección aula abierta</subfield>
      <subfield code="a">Colección aula abierta</subfield>
      <subfield code="a">Colección aula abierta</subfield>
      <subfield code="a">Manuales de metodología de investigación educativa</subfield>
      <subfield code="a">Economía / Antoni Bosch</subfield>
      <subfield code="v">1</subfield>
    </datafield>
    <datafield tag="650" ind1=" " ind2=" ">
      <subfield code="a"> HUELGA</subfield>
    </datafield>
    <datafield tag="650" ind1=" " ind2=" ">
      <subfield code="a"> CONFLICTO DE TRABAJO</subfield>
    </datafield>
    <datafield tag="942" ind1=" " ind2=" ">
      <subfield code="c">BK</subfield>
    </datafield>
    <datafield tag="952" ind1=" " ind2=" ">
      <subfield code="a">BIB_RECT</subfield>
      <subfield code="b">BIB_UARG</subfield>
      <subfield code="d">2005-08-23</subfield>
      <subfield code="y">BK</subfield>
      <subfield code="p">05-23546</subfield>
      <subfield code="i">05-23546</subfield>
      <subfield code="g">9</subfield>
      <subfield code="o">331.56 M251u</subfield>
      <subfield code="e">SIUNPA</subfield>
      <subfield code="8">CG</subfield>
    </datafield>
  </record>