
  <record>
    <leader>01000aam  22002601a 4500</leader>
    <controlfield tag="001">YPZ2133</controlfield>
    <controlfield tag="003">YPZ</controlfield>
    <controlfield tag="005">200504270000000</controlfield>
    <controlfield tag="008">050427|###########||||||b||||||||||spa|d</controlfield>
    <datafield tag="020" ind1=" " ind2=" ">
      <subfield code="a">8472324494 (o.c.)</subfield>
    </datafield>
    <datafield tag="040" ind1=" " ind2=" ">
      <subfield code="c">SIUNPA</subfield>
    </datafield>
    <datafield tag="041" ind1=" " ind2=" ">
      <subfield code="a">spa</subfield>
    </datafield>
    <datafield tag="044" ind1=" " ind2=" ">
      <subfield code="a">ES</subfield>
    </datafield>
    <datafield tag="080" ind1=" " ind2=" ">
      <subfield code="a">R325.4(038) A973d</subfield>
    </datafield>
    <datafield tag="100" ind1=" " ind2=" ">
      <subfield code="a">Ayala, Manuel Josef de.</subfield>
    </datafield>
    <datafield tag="245" ind1=" " ind2=" ">
      <subfield code="a">Diccionario de gobierno y legislación de Indias</subfield>
      <subfield code="c"> / Vas Mingo, Marta Milagros del, ed. y estudios</subfield>
    </datafield>
    <datafield tag="260" ind1=" " ind2=" ">
      <subfield code="a">Madrid</subfield>
      <subfield code="b"> : Ediciones de Cultura Hispánica</subfield>
      <subfield code="c"> , 1989-1996</subfield>
    </datafield>
    <datafield tag="500" ind1=" " ind2=" ">
      <subfield code="a">La biblioteca posee: vol. 4-13</subfield>
    </datafield>
    <datafield tag="650" ind1=" " ind2=" ">
      <subfield code="a"> HISTORIA DE AMERICA</subfield>
    </datafield>
    <datafield tag="650" ind1=" " ind2=" ">
      <subfield code="a"> SIGLO XVI </subfield>
    </datafield>
    <datafield tag="650" ind1=" " ind2=" ">
      <subfield code="a"> DICCIONARIO</subfield>
    </datafield>
    <datafield tag="650" ind1=" " ind2=" ">
      <subfield code="a"> SIGLO XVII</subfield>
    </datafield>
    <datafield tag="650" ind1=" " ind2=" ">
      <subfield code="a"> LEGISLACION</subfield>
    </datafield>
    <datafield tag="650" ind1=" " ind2=" ">
      <subfield code="a"> HISTORIA MODERNA</subfield>
    </datafield>
    <datafield tag="942" ind1=" " ind2=" ">
      <subfield code="c">BK</subfield>
    </datafield>
    <datafield tag="952" ind1=" " ind2=" ">
      <subfield code="a">BIB_RECT</subfield>
      <subfield code="b">BIB_UACO</subfield>
      <subfield code="d">2005-08-23</subfield>
      <subfield code="y">BK</subfield>
      <subfield code="p">02-27500</subfield>
      <subfield code="i">02-27500</subfield>
      <subfield code="g">100</subfield>
      <subfield code="o">R325.4(038) A973d</subfield>
      <subfield code="e">Donación España</subfield>
      <subfield code="7">4</subfield>
      <subfield code="8">CR</subfield>
    </datafield>
    <datafield tag="952" ind1=" " ind2=" ">
      <subfield code="a">BIB_RECT</subfield>
      <subfield code="b">BIB_UACO</subfield>
      <subfield code="d">2005-08-23</subfield>
      <subfield code="y">BK</subfield>
      <subfield code="p">02-27501</subfield>
      <subfield code="i">02-27501</subfield>
      <subfield code="g">100</subfield>
      <subfield code="o">R325.4(038) A973d</subfield>
      <subfield code="e">Donación España</subfield>
      <subfield code="7">4</subfield>
      <subfield code="8">CR</subfield>
    </datafield>
    <datafield tag="952" ind1=" " ind2=" ">
      <subfield code="a">BIB_RECT</subfield>
      <subfield code="b">BIB_UACO</subfield>
      <subfield code="d">2005-08-23</subfield>
      <subfield code="y">BK</subfield>
      <subfield code="p">02-27502</subfield>
      <subfield code="i">02-27502</subfield>
      <subfield code="g">100</subfield>
      <subfield code="o">R325.4(038) A973d</subfield>
      <subfield code="e">Donación España</subfield>
      <subfield code="7">4</subfield>
      <subfield code="8">CR</subfield>
    </datafield>
    <datafield tag="952" ind1=" " ind2=" ">
      <subfield code="a">BIB_RECT</subfield>
      <subfield code="b">BIB_UACO</subfield>
      <subfield code="d">2005-08-23</subfield>
      <subfield code="y">BK</subfield>
      <subfield code="p">02-27503</subfield>
      <subfield code="i">02-27503</subfield>
      <subfield code="g">100</subfield>
      <subfield code="o">R325.4(038) A973d</subfield>
      <subfield code="e">Donación España</subfield>
      <subfield code="7">4</subfield>
      <subfield code="8">CR</subfield>
    </datafield>
    <datafield tag="952" ind1=" " ind2=" ">
      <subfield code="a">BIB_RECT</subfield>
      <subfield code="b">BIB_UACO</subfield>
      <subfield code="d">2005-08-23</subfield>
      <subfield code="y">BK</subfield>
      <subfield code="p">02-27504</subfield>
      <subfield code="i">02-27504</subfield>
      <subfield code="g">100</subfield>
      <subfield code="o">R325.4(038) A973d</subfield>
      <subfield code="e">Donación España</subfield>
      <subfield code="7">4</subfield>
      <subfield code="8">CR</subfield>
    </datafield>
    <datafield tag="952" ind1=" " ind2=" ">
      <subfield code="a">BIB_RECT</subfield>
      <subfield code="b">BIB_UACO</subfield>
      <subfield code="d">2005-08-23</subfield>
      <subfield code="y">BK</subfield>
      <subfield code="p">02-27505</subfield>
      <subfield code="i">02-27505</subfield>
      <subfield code="g">100</subfield>
      <subfield code="o">R325.4(038) A973d</subfield>
      <subfield code="e">Donación España</subfield>
      <subfield code="7">4</subfield>
      <subfield code="8">CR</subfield>
    </datafield>
    <datafield tag="952" ind1=" " ind2=" ">
      <subfield code="a">BIB_RECT</subfield>
      <subfield code="b">BIB_UACO</subfield>
      <subfield code="d">2005-08-23</subfield>
      <subfield code="y">BK</subfield>
      <subfield code="p">02-27506</subfield>
      <subfield code="i">02-27506</subfield>
      <subfield code="g">100</subfield>
      <subfield code="o">R325.4(038) A973d</subfield>
      <subfield code="e">Donación España</subfield>
      <subfield code="7">4</subfield>
      <subfield code="8">CR</subfield>
    </datafield>
    <datafield tag="952" ind1=" " ind2=" ">
      <subfield code="a">BIB_RECT</subfield>
      <subfield code="b">BIB_UACO</subfield>
      <subfield code="d">2005-08-23</subfield>
      <subfield code="y">BK</subfield>
      <subfield code="p">02-27507</subfield>
      <subfield code="i">02-27507</subfield>
      <subfield code="g">100</subfield>
      <subfield code="o">R325.4(038) A973d</subfield>
      <subfield code="e">Donación España</subfield>
      <subfield code="7">4</subfield>
      <subfield code="8">CR</subfield>
    </datafield>
    <datafield tag="952" ind1=" " ind2=" ">
      <subfield code="a">BIB_RECT</subfield>
      <subfield code="b">BIB_UACO</subfield>
      <subfield code="d">2005-08-23</subfield>
      <subfield code="y">BK</subfield>
      <subfield code="p">02-27508</subfield>
      <subfield code="i">02-27508</subfield>
      <subfield code="g">100</subfield>
      <subfield code="o">R325.4(038) A973d</subfield>
      <subfield code="e">Donación España</subfield>
      <subfield code="7">4</subfield>
      <subfield code="8">CR</subfield>
    </datafield>
    <datafield tag="952" ind1=" " ind2=" ">
      <subfield code="a">BIB_RECT</subfield>
      <subfield code="b">BIB_UACO</subfield>
      <subfield code="d">2005-08-23</subfield>
      <subfield code="y">BK</subfield>
      <subfield code="p">02-27509</subfield>
      <subfield code="i">02-27509</subfield>
      <subfield code="g">100</subfield>
      <subfield code="o">R325.4(038) A973d</subfield>
      <subfield code="e">Donación España</subfield>
      <subfield code="7">4</subfield>
      <subfield code="8">CR</subfield>
    </datafield>
    <datafield tag="952" ind1=" " ind2=" ">
      <subfield code="a">BIB_RECT</subfield>
      <subfield code="b">BIB_UASJ</subfield>
      <subfield code="d">2005-08-16</subfield>
      <subfield code="y">BK</subfield>
      <subfield code="p">04-28728</subfield>
      <subfield code="i">04-28728</subfield>
      <subfield code="g">100</subfield>
      <subfield code="o">R325.4(038) A973d</subfield>
      <subfield code="e">Donación España</subfield>
      <subfield code="7">4</subfield>
      <subfield code="8">CR</subfield>
    </datafield>
    <datafield tag="952" ind1=" " ind2=" ">
      <subfield code="a">BIB_RECT</subfield>
      <subfield code="b">BIB_UASJ</subfield>
      <subfield code="d">2005-08-16</subfield>
      <subfield code="y">BK</subfield>
      <subfield code="p">04-28729</subfield>
      <subfield code="i">04-28729</subfield>
      <subfield code="g">100</subfield>
      <subfield code="o">R325.4(038) A973d</subfield>
      <subfield code="e">Donación España</subfield>
      <subfield code="7">4</subfield>
      <subfield code="8">CR</subfield>
    </datafield>
    <datafield tag="952" ind1=" " ind2=" ">
      <subfield code="a">BIB_RECT</subfield>
      <subfield code="b">BIB_UASJ</subfield>
      <subfield code="d">2005-08-16</subfield>
      <subfield code="y">BK</subfield>
      <subfield code="p">04-28730</subfield>
      <subfield code="i">04-28730</subfield>
      <subfield code="g">100</subfield>
      <subfield code="o">R325.4(038) A973d</subfield>
      <subfield code="e">Donación España</subfield>
      <subfield code="7">4</subfield>
      <subfield code="8">CR</subfield>
    </datafield>
    <datafield tag="952" ind1=" " ind2=" ">
      <subfield code="a">BIB_RECT</subfield>
      <subfield code="b">BIB_UASJ</subfield>
      <subfield code="d">2005-08-16</subfield>
      <subfield code="y">BK</subfield>
      <subfield code="p">04-28731</subfield>
      <subfield code="i">04-28731</subfield>
      <subfield code="g">100</subfield>
      <subfield code="o">R325.4(038) A973d</subfield>
      <subfield code="e">Donación España</subfield>
      <subfield code="7">4</subfield>
      <subfield code="8">CR</subfield>
    </datafield>
    <datafield tag="952" ind1=" " ind2=" ">
      <subfield code="a">BIB_RECT</subfield>
      <subfield code="b">BIB_UASJ</subfield>
      <subfield code="d">2005-08-16</subfield>
      <subfield code="y">BK</subfield>
      <subfield code="p">04-28732</subfield>
      <subfield code="i">04-28732</subfield>
      <subfield code="g">100</subfield>
      <subfield code="o">R325.4(038) A973d</subfield>
      <subfield code="e">Donación España</subfield>
      <subfield code="7">4</subfield>
      <subfield code="8">CR</subfield>
    </datafield>
    <datafield tag="952" ind1=" " ind2=" ">
      <subfield code="a">BIB_RECT</subfield>
      <subfield code="b">BIB_UASJ</subfield>
      <subfield code="d">2005-08-16</subfield>
      <subfield code="y">BK</subfield>
      <subfield code="p">04-28733</subfield>
      <subfield code="i">04-28733</subfield>
      <subfield code="g">100</subfield>
      <subfield code="o">R325.4(038) A973d</subfield>
      <subfield code="e">Donación España</subfield>
      <subfield code="7">4</subfield>
      <subfield code="8">CR</subfield>
    </datafield>
    <datafield tag="952" ind1=" " ind2=" ">
      <subfield code="a">BIB_RECT</subfield>
      <subfield code="b">BIB_UASJ</subfield>
      <subfield code="d">2005-08-16</subfield>
      <subfield code="y">BK</subfield>
      <subfield code="p">04-28734</subfield>
      <subfield code="i">04-28734</subfield>
      <subfield code="g">100</subfield>
      <subfield code="o">R325.4(038) A973d</subfield>
      <subfield code="e">Donación España</subfield>
      <subfield code="7">4</subfield>
      <subfield code="8">CR</subfield>
    </datafield>
    <datafield tag="952" ind1=" " ind2=" ">
      <subfield code="a">BIB_RECT</subfield>
      <subfield code="b">BIB_UASJ</subfield>
      <subfield code="d">2005-08-16</subfield>
      <subfield code="y">BK</subfield>
      <subfield code="p">04-28735</subfield>
      <subfield code="i">04-28735</subfield>
      <subfield code="g">100</subfield>
      <subfield code="o">R325.4(038) A973d</subfield>
      <subfield code="e">Donación España</subfield>
      <subfield code="7">4</subfield>
      <subfield code="8">CR</subfield>
    </datafield>
    <datafield tag="952" ind1=" " ind2=" ">
      <subfield code="a">BIB_RECT</subfield>
      <subfield code="b">BIB_UASJ</subfield>
      <subfield code="d">2005-08-16</subfield>
      <subfield code="y">BK</subfield>
      <subfield code="p">04-28736</subfield>
      <subfield code="i">04-28736</subfield>
      <subfield code="g">100</subfield>
      <subfield code="o">R325.4(038) A973d</subfield>
      <subfield code="e">Donación España</subfield>
      <subfield code="7">4</subfield>
      <subfield code="8">CR</subfield>
    </datafield>
    <datafield tag="952" ind1=" " ind2=" ">
      <subfield code="a">BIB_RECT</subfield>
      <subfield code="b">BIB_UASJ</subfield>
      <subfield code="d">2005-08-16</subfield>
      <subfield code="y">BK</subfield>
      <subfield code="p">04-28737</subfield>
      <subfield code="i">04-28737</subfield>
      <subfield code="g">100</subfield>
      <subfield code="o">R325.4(038) A973d</subfield>
      <subfield code="e">Donación España</subfield>
      <subfield code="7">4</subfield>
      <subfield code="8">CR</subfield>
    </datafield>
  </record>