
  <record>
    <leader>01000aam  22002601a 4500</leader>
    <controlfield tag="001">YPZ2184</controlfield>
    <controlfield tag="003">YPZ</controlfield>
    <controlfield tag="005">200502090000000</controlfield>
    <controlfield tag="008">050209|###########||||||b||||||||||spa|d</controlfield>
    <datafield tag="020" ind1=" " ind2=" ">
      <subfield code="a">8474326222</subfield>
    </datafield>
    <datafield tag="040" ind1=" " ind2=" ">
      <subfield code="c">SIUNPA</subfield>
    </datafield>
    <datafield tag="041" ind1=" " ind2=" ">
      <subfield code="a">spa</subfield>
    </datafield>
    <datafield tag="044" ind1=" " ind2=" ">
      <subfield code="a">ES</subfield>
    </datafield>
    <datafield tag="080" ind1=" " ind2=" ">
      <subfield code="a">003 O525m</subfield>
    </datafield>
    <datafield tag="100" ind1=" " ind2=" ">
      <subfield code="a">Olson, David R..</subfield>
    </datafield>
    <datafield tag="245" ind1=" " ind2=" ">
      <subfield code="a">El mundo sobre el papel</subfield>
      <subfield code="b"> : el impacto de la escritura y la lectura en la estructura del conocimiento</subfield>
      <subfield code="c"> / Willson, Patricia, tr.</subfield>
    </datafield>
    <datafield tag="250" ind1=" " ind2=" ">
      <subfield code="a">1a ed.</subfield>
    </datafield>
    <datafield tag="260" ind1=" " ind2=" ">
      <subfield code="a">Barcelona</subfield>
      <subfield code="b"> : Gedisa</subfield>
      <subfield code="c"> , 1998</subfield>
    </datafield>
    <datafield tag="440" ind1=" " ind2=" ">
      <subfield code="a">Serie renovación pedagógica</subfield>
      <subfield code="a">Colección psicoteca mayor</subfield>
      <subfield code="a">Serie CLA-DE-MA. Antropología</subfield>
      <subfield code="a">Serie Freudiana</subfield>
      <subfield code="a">Colección límites de la ciencia</subfield>
      <subfield code="a">Terapia familiar</subfield>
      <subfield code="a">Colección Hombre y Sociedad. Serie CLA-DE-MA</subfield>
      <subfield code="a">Colección el mamífero parlante. Serie mayor</subfield>
      <subfield code="a">Colección Hombre y Sociedad. Serie CLA-DE-MA</subfield>
      <subfield code="a">Debate socioeducativo</subfield>
      <subfield code="a">Hombre y sociedad</subfield>
      <subfield code="a">Colección el mamífero parlante. Serie mayor</subfield>
      <subfield code="a">Colección el mamífero parlante. Serie mayor</subfield>
      <subfield code="a">Debate socioeducativo</subfield>
      <subfield code="a">Lingüística / Gedisa</subfield>
      <subfield code="a">Serie CLA-DE-MA. Psicología / Ciencias cognitivas</subfield>
      <subfield code="a">Colección LEA. Lenguaje, escritura, alfabetización</subfield>
      <subfield code="a">Colección hombre y sociedad. Serie CLADEMA</subfield>
      <subfield code="a">Colección hombre y sociedad. Serie CLADEMA</subfield>
      <subfield code="a">Colección LEA. Lenguaje, escritura, alfabetización</subfield>
      <subfield code="v">11</subfield>
    </datafield>
    <datafield tag="490" ind1=" " ind2=" ">
      <subfield code="a">Serie renovación pedagógica</subfield>
      <subfield code="a">Colección psicoteca mayor</subfield>
      <subfield code="a">Serie CLA-DE-MA. Antropología</subfield>
      <subfield code="a">Serie Freudiana</subfield>
      <subfield code="a">Colección límites de la ciencia</subfield>
      <subfield code="a">Terapia familiar</subfield>
      <subfield code="a">Colección Hombre y Sociedad. Serie CLA-DE-MA</subfield>
      <subfield code="a">Colección el mamífero parlante. Serie mayor</subfield>
      <subfield code="a">Colección Hombre y Sociedad. Serie CLA-DE-MA</subfield>
      <subfield code="a">Debate socioeducativo</subfield>
      <subfield code="a">Hombre y sociedad</subfield>
      <subfield code="a">Colección el mamífero parlante. Serie mayor</subfield>
      <subfield code="a">Colección el mamífero parlante. Serie mayor</subfield>
      <subfield code="a">Debate socioeducativo</subfield>
      <subfield code="a">Lingüística / Gedisa</subfield>
      <subfield code="a">Serie CLA-DE-MA. Psicología / Ciencias cognitivas</subfield>
      <subfield code="a">Colección LEA. Lenguaje, escritura, alfabetización</subfield>
      <subfield code="a">Colección hombre y sociedad. Serie CLADEMA</subfield>
      <subfield code="a">Colección hombre y sociedad. Serie CLADEMA</subfield>
      <subfield code="a">Colección LEA. Lenguaje, escritura, alfabetización</subfield>
      <subfield code="v">11</subfield>
    </datafield>
    <datafield tag="650" ind1=" " ind2=" ">
      <subfield code="a"> ESCRITURA</subfield>
    </datafield>
    <datafield tag="650" ind1=" " ind2=" ">
      <subfield code="a"> SOCIOLOGIA DE LA CULTURA</subfield>
    </datafield>
    <datafield tag="942" ind1=" " ind2=" ">
      <subfield code="c">BK</subfield>
    </datafield>
    <datafield tag="952" ind1=" " ind2=" ">
      <subfield code="a">BIB_RECT</subfield>
      <subfield code="b">BIB_UACO</subfield>
      <subfield code="d">2005-08-23</subfield>
      <subfield code="y">BK</subfield>
      <subfield code="p">02-26466</subfield>
      <subfield code="i">02-26466</subfield>
      <subfield code="g">51</subfield>
      <subfield code="o">003 O525m</subfield>
      <subfield code="e">SIUNPA</subfield>
      <subfield code="8">CG</subfield>
    </datafield>
    <datafield tag="952" ind1=" " ind2=" ">
      <subfield code="a">BIB_RECT</subfield>
      <subfield code="b">BIB_UARG</subfield>
      <subfield code="d">2012-12-14</subfield>
      <subfield code="y">BK</subfield>
      <subfield code="p">05-43641</subfield>
      <subfield code="i">05-43641</subfield>
      <subfield code="g">198.5</subfield>
      <subfield code="o">003 O525m</subfield>
      <subfield code="e">Compra SIUNPA</subfield>
      <subfield code="8">CG</subfield>
    </datafield>
    <datafield tag="952" ind1=" " ind2=" ">
      <subfield code="a">BIB_RECT</subfield>
      <subfield code="b">BIB_UARG</subfield>
      <subfield code="d">2012-12-14</subfield>
      <subfield code="y">BK</subfield>
      <subfield code="p">05-43642</subfield>
      <subfield code="i">05-43642</subfield>
      <subfield code="g">198.5</subfield>
      <subfield code="o">003 O525m</subfield>
      <subfield code="e">Compra SIUNPA</subfield>
      <subfield code="8">CG</subfield>
    </datafield>
  </record>