
  <record>
    <leader>01000aam  22002601a 4500</leader>
    <controlfield tag="001">YPZ2269</controlfield>
    <controlfield tag="003">YPZ</controlfield>
    <controlfield tag="005">200406280000000</controlfield>
    <controlfield tag="008">040628|###########||||||b||||||||||spa|d</controlfield>
    <datafield tag="020" ind1=" " ind2=" ">
      <subfield code="a">8475836577 (o.c.)</subfield>
    </datafield>
    <datafield tag="020" ind1=" " ind2=" ">
      <subfield code="a">8475837212 (v.1)</subfield>
    </datafield>
    <datafield tag="020" ind1=" " ind2=" ">
      <subfield code="a">8475837220 (v.2)</subfield>
    </datafield>
    <datafield tag="040" ind1=" " ind2=" ">
      <subfield code="c">SIUNPA</subfield>
    </datafield>
    <datafield tag="041" ind1=" " ind2=" ">
      <subfield code="a">spa</subfield>
    </datafield>
    <datafield tag="044" ind1=" " ind2=" ">
      <subfield code="a">ES</subfield>
    </datafield>
    <datafield tag="080" ind1=" " ind2=" ">
      <subfield code="a">658.818 H816s</subfield>
    </datafield>
    <datafield tag="100" ind1=" " ind2=" ">
      <subfield code="a">Horovitz, Jacques.</subfield>
    </datafield>
    <datafield tag="700" ind1=" " ind2=" ">
      <subfield code="a">Panak, Michele Jurgens.</subfield>
    </datafield>
    <datafield tag="245" ind1=" " ind2=" ">
      <subfield code="a">La satisfacción total del cliente</subfield>
      <subfield code="c"> / Navarro, Juan Carlos, rev. técnica</subfield>
    </datafield>
    <datafield tag="260" ind1=" " ind2=" ">
      <subfield code="a">Barcelona</subfield>
      <subfield code="b"> : Folio</subfield>
      <subfield code="c"> , 1994</subfield>
    </datafield>
    <datafield tag="440" ind1=" " ind2=" ">
      <subfield code="a">Biblioteca de empresa</subfield>
      <subfield code="v">21-22</subfield>
    </datafield>
    <datafield tag="490" ind1=" " ind2=" ">
      <subfield code="a">Biblioteca de empresa</subfield>
      <subfield code="v">21-22</subfield>
    </datafield>
    <datafield tag="500" ind1=" " ind2=" ">
      <subfield code="a">Contenido: v.1. La excelencia en la calidad de los productos -- v.2. Los 50 mejores ejemplos de empresas que la satisfacción total de los clientes</subfield>
    </datafield>
    <datafield tag="650" ind1=" " ind2=" ">
      <subfield code="a"> CONTROL DE CALIDAD</subfield>
    </datafield>
    <datafield tag="650" ind1=" " ind2=" ">
      <subfield code="a"> SATISFACCION DEL CLIENTE</subfield>
    </datafield>
    <datafield tag="942" ind1=" " ind2=" ">
      <subfield code="c">BK</subfield>
    </datafield>
    <datafield tag="952" ind1=" " ind2=" ">
      <subfield code="a">BIB_RECT</subfield>
      <subfield code="b">BIB_UACO</subfield>
      <subfield code="d">2005-08-23</subfield>
      <subfield code="y">BK</subfield>
      <subfield code="p">02-24449</subfield>
      <subfield code="i">02-24449</subfield>
      <subfield code="g">15</subfield>
      <subfield code="o">658.818 H816s</subfield>
      <subfield code="e">Donación Pablo Seque</subfield>
      <subfield code="8">CG</subfield>
    </datafield>
    <datafield tag="952" ind1=" " ind2=" ">
      <subfield code="a">BIB_RECT</subfield>
      <subfield code="b">BIB_UACO</subfield>
      <subfield code="d">2005-08-23</subfield>
      <subfield code="y">BK</subfield>
      <subfield code="p">02-24450</subfield>
      <subfield code="i">02-24450</subfield>
      <subfield code="g">15</subfield>
      <subfield code="o">658.818 H816s</subfield>
      <subfield code="e">Donación Pablo Seque</subfield>
      <subfield code="8">CG</subfield>
    </datafield>
    <datafield tag="952" ind1=" " ind2=" ">
      <subfield code="a">BIB_RECT</subfield>
      <subfield code="b">BIB_UARG</subfield>
      <subfield code="d">2012-06-11</subfield>
      <subfield code="y">BK</subfield>
      <subfield code="p">05-42661</subfield>
      <subfield code="i">05-42661</subfield>
      <subfield code="g">60</subfield>
      <subfield code="o">658.818 H816s</subfield>
      <subfield code="e">Donación Haggi, Ernesto/12</subfield>
      <subfield code="8">CG</subfield>
    </datafield>
  </record>