
  <record>
    <leader>01000aam  22002601a 4500</leader>
    <controlfield tag="001">YPZ2290</controlfield>
    <controlfield tag="003">YPZ</controlfield>
    <controlfield tag="005">200404290000000</controlfield>
    <controlfield tag="008">040429|###########||||||b||||||||||spa|d</controlfield>
    <datafield tag="020" ind1=" " ind2=" ">
      <subfield code="a">8476581041</subfield>
    </datafield>
    <datafield tag="040" ind1=" " ind2=" ">
      <subfield code="c">SIUNPA</subfield>
    </datafield>
    <datafield tag="041" ind1=" " ind2=" ">
      <subfield code="a">spa</subfield>
      <subfield code="a">ger</subfield>
    </datafield>
    <datafield tag="044" ind1=" " ind2=" ">
      <subfield code="a">ES</subfield>
    </datafield>
    <datafield tag="080" ind1=" " ind2=" ">
      <subfield code="a">111 H465i</subfield>
    </datafield>
    <datafield tag="100" ind1=" " ind2=" ">
      <subfield code="a">Heidegger, Martin.</subfield>
    </datafield>
    <datafield tag="245" ind1=" " ind2=" ">
      <subfield code="a">Identidad y diferencia</subfield>
      <subfield code="c"> / Leyte, Arturo, ed. y tr. ; Cortés, Helena, tr.</subfield>
    </datafield>
    <datafield tag="246" ind1=" " ind2=" ">
      <subfield code="a">Identität und differenz.</subfield>
    </datafield>
    <datafield tag="250" ind1=" " ind2=" ">
      <subfield code="a">ed. bilingüe|1a ed.</subfield>
    </datafield>
    <datafield tag="260" ind1=" " ind2=" ">
      <subfield code="a">Barcelona</subfield>
      <subfield code="b"> : Anthropos</subfield>
      <subfield code="c"> , 1990</subfield>
    </datafield>
    <datafield tag="300" ind1=" " ind2=" ">
      <subfield code="a">146 p. : </subfield>
      <subfield code="a">32 p. : </subfield>
      <subfield code="a">191 p. : </subfield>
    </datafield>
    <datafield tag="440" ind1=" " ind2=" ">
      <subfield code="a">Serie informática de gestión</subfield>
      <subfield code="a">Serie McGraw-Hill de management</subfield>
      <subfield code="a">Schaum</subfield>
      <subfield code="a">Serie informática de gestión</subfield>
      <subfield code="a">Serie McGraw-Hill de management</subfield>
      <subfield code="a">Serie McGraw-Hill de management</subfield>
      <subfield code="a">Serie McGraw-Hill de divulgación científica</subfield>
      <subfield code="a">Serie McGraw-Hill de management</subfield>
      <subfield code="a">Serie McGraw-Hill de management</subfield>
      <subfield code="a">Cuadernos de lengua española</subfield>
      <subfield code="a">Autores, Textos y Temas. Filosofía</subfield>
      <subfield code="v">16</subfield>
    </datafield>
    <datafield tag="490" ind1=" " ind2=" ">
      <subfield code="a">Serie informática de gestión</subfield>
      <subfield code="a">Serie McGraw-Hill de management</subfield>
      <subfield code="a">Schaum</subfield>
      <subfield code="a">Serie informática de gestión</subfield>
      <subfield code="a">Serie McGraw-Hill de management</subfield>
      <subfield code="a">Serie McGraw-Hill de management</subfield>
      <subfield code="a">Serie McGraw-Hill de divulgación científica</subfield>
      <subfield code="a">Serie McGraw-Hill de management</subfield>
      <subfield code="a">Serie McGraw-Hill de management</subfield>
      <subfield code="a">Cuadernos de lengua española</subfield>
      <subfield code="a">Autores, Textos y Temas. Filosofía</subfield>
      <subfield code="v">16</subfield>
    </datafield>
    <datafield tag="650" ind1=" " ind2=" ">
      <subfield code="a"> METAFISICA</subfield>
    </datafield>
    <datafield tag="650" ind1=" " ind2=" ">
      <subfield code="a"> ONTOLOGIA</subfield>
    </datafield>
    <datafield tag="942" ind1=" " ind2=" ">
      <subfield code="c">BK</subfield>
    </datafield>
    <datafield tag="952" ind1=" " ind2=" ">
      <subfield code="a">BIB_RECT</subfield>
      <subfield code="b">BIB_UACO</subfield>
      <subfield code="d">2005-08-23</subfield>
      <subfield code="y">BK</subfield>
      <subfield code="p">02-21082</subfield>
      <subfield code="i">02-21082</subfield>
      <subfield code="g">50</subfield>
      <subfield code="o">111 H465i</subfield>
      <subfield code="e">FOMEC585</subfield>
      <subfield code="8">CG</subfield>
    </datafield>
  </record>