
  <record>
    <leader>01000aam  22002601a 4500</leader>
    <controlfield tag="001">YPZ2315</controlfield>
    <controlfield tag="003">YPZ</controlfield>
    <controlfield tag="005">200404290000000</controlfield>
    <controlfield tag="008">040429|###########||||||b||||||||||spa|d</controlfield>
    <datafield tag="020" ind1=" " ind2=" ">
      <subfield code="a">8477381372</subfield>
    </datafield>
    <datafield tag="040" ind1=" " ind2=" ">
      <subfield code="c">SIUNPA</subfield>
    </datafield>
    <datafield tag="041" ind1=" " ind2=" ">
      <subfield code="a">spa</subfield>
    </datafield>
    <datafield tag="044" ind1=" " ind2=" ">
      <subfield code="a">ES</subfield>
    </datafield>
    <datafield tag="080" ind1=" " ind2=" ">
      <subfield code="a">372.851 D542a</subfield>
    </datafield>
    <datafield tag="100" ind1=" " ind2=" ">
      <subfield code="a">Díaz Godino, Juan.</subfield>
    </datafield>
    <datafield tag="700" ind1=" " ind2=" ">
      <subfield code="a">Gómez Alfonso, Bernardo.</subfield>
    </datafield>
    <datafield tag="700" ind1=" " ind2=" ">
      <subfield code="a">Gutiérrez Rodríguez, Ángel.</subfield>
    </datafield>
    <datafield tag="700" ind1=" " ind2=" ">
      <subfield code="a">Rico Romero, Luis.</subfield>
    </datafield>
    <datafield tag="700" ind1=" " ind2=" ">
      <subfield code="a">Sierra Vázquez, Modesto.</subfield>
    </datafield>
    <datafield tag="245" ind1=" " ind2=" ">
      <subfield code="a">Área de conocimiento</subfield>
      <subfield code="b"> : didáctica de la matemática</subfield>
    </datafield>
    <datafield tag="250" ind1=" " ind2=" ">
      <subfield code="a">1a ed., 1a reimpr.</subfield>
    </datafield>
    <datafield tag="260" ind1=" " ind2=" ">
      <subfield code="a">Madrid</subfield>
      <subfield code="b"> : Síntesis</subfield>
      <subfield code="c"> , 1991, 1999</subfield>
    </datafield>
    <datafield tag="440" ind1=" " ind2=" ">
      <subfield code="a">Matemáticas: cultura y aprendizaje</subfield>
      <subfield code="v">1</subfield>
    </datafield>
    <datafield tag="490" ind1=" " ind2=" ">
      <subfield code="a">Matemáticas: cultura y aprendizaje</subfield>
      <subfield code="v">1</subfield>
    </datafield>
    <datafield tag="650" ind1=" " ind2=" ">
      <subfield code="a"> ENSEÑANZA DE LAS MATEMATICAS</subfield>
    </datafield>
    <datafield tag="650" ind1=" " ind2=" ">
      <subfield code="a"> PROFESORES DE MATEMATICAS</subfield>
    </datafield>
    <datafield tag="650" ind1=" " ind2=" ">
      <subfield code="a"> MATEMATICAS</subfield>
    </datafield>
    <datafield tag="942" ind1=" " ind2=" ">
      <subfield code="c">BK</subfield>
    </datafield>
    <datafield tag="952" ind1=" " ind2=" ">
      <subfield code="a">BIB_RECT</subfield>
      <subfield code="b">BIB_UACO</subfield>
      <subfield code="d">2006-12-07</subfield>
      <subfield code="y">BK</subfield>
      <subfield code="p">02-04492</subfield>
      <subfield code="i">02-04492</subfield>
      <subfield code="g">0</subfield>
      <subfield code="o">372.851 D542a</subfield>
      <subfield code="e"/>
      <subfield code="8">CG</subfield>
    </datafield>
    <datafield tag="952" ind1=" " ind2=" ">
      <subfield code="a">BIB_RECT</subfield>
      <subfield code="b">BIB_UACO</subfield>
      <subfield code="d">2006-12-07</subfield>
      <subfield code="y">BK</subfield>
      <subfield code="p">02-04502</subfield>
      <subfield code="i">02-04502</subfield>
      <subfield code="g">0</subfield>
      <subfield code="o">372.851 D542a</subfield>
      <subfield code="e"/>
      <subfield code="8">CG</subfield>
    </datafield>
    <datafield tag="952" ind1=" " ind2=" ">
      <subfield code="a">BIB_RECT</subfield>
      <subfield code="b">BIB_UACO</subfield>
      <subfield code="d">2006-12-07</subfield>
      <subfield code="y">BK</subfield>
      <subfield code="p">02-04800</subfield>
      <subfield code="i">02-04800</subfield>
      <subfield code="g">0</subfield>
      <subfield code="o">372.851 D542a</subfield>
      <subfield code="e"/>
      <subfield code="8">CG</subfield>
    </datafield>
    <datafield tag="952" ind1=" " ind2=" ">
      <subfield code="a">BIB_RECT</subfield>
      <subfield code="b">BIB_UACO</subfield>
      <subfield code="d">2006-12-07</subfield>
      <subfield code="y">BK</subfield>
      <subfield code="p">02-04801</subfield>
      <subfield code="i">02-04801</subfield>
      <subfield code="g">0</subfield>
      <subfield code="o">372.851 D542a</subfield>
      <subfield code="e"/>
      <subfield code="8">CG</subfield>
    </datafield>
    <datafield tag="952" ind1=" " ind2=" ">
      <subfield code="a">BIB_RECT</subfield>
      <subfield code="b">BIB_UART</subfield>
      <subfield code="d">2005-09-21</subfield>
      <subfield code="y">BK</subfield>
      <subfield code="p">03-00852</subfield>
      <subfield code="i">03-00852</subfield>
      <subfield code="g">0</subfield>
      <subfield code="o">372.851 D542a</subfield>
      <subfield code="e">Desconocido</subfield>
      <subfield code="8">CG</subfield>
    </datafield>
    <datafield tag="952" ind1=" " ind2=" ">
      <subfield code="a">BIB_RECT</subfield>
      <subfield code="b">BIB_UART</subfield>
      <subfield code="d">2005-09-21</subfield>
      <subfield code="y">BK</subfield>
      <subfield code="p">03-00853</subfield>
      <subfield code="i">03-00853</subfield>
      <subfield code="g">0</subfield>
      <subfield code="o">372.851 D542a</subfield>
      <subfield code="e">Desconocido</subfield>
      <subfield code="8">CG</subfield>
    </datafield>
    <datafield tag="952" ind1=" " ind2=" ">
      <subfield code="a">BIB_RECT</subfield>
      <subfield code="b">BIB_UART</subfield>
      <subfield code="d">2005-09-21</subfield>
      <subfield code="y">BK</subfield>
      <subfield code="p">03-29051</subfield>
      <subfield code="i">03-29051</subfield>
      <subfield code="g">76</subfield>
      <subfield code="o">372.851 D542a</subfield>
      <subfield code="e">SIUNPA</subfield>
      <subfield code="8">CG</subfield>
    </datafield>
    <datafield tag="952" ind1=" " ind2=" ">
      <subfield code="a">BIB_RECT</subfield>
      <subfield code="b">BIB_UASJ</subfield>
      <subfield code="d">2006-10-11</subfield>
      <subfield code="y">BK</subfield>
      <subfield code="p">04-01561</subfield>
      <subfield code="i">04-01561</subfield>
      <subfield code="g"/>
      <subfield code="o">372.851 D542a</subfield>
      <subfield code="e"/>
      <subfield code="8">CG</subfield>
    </datafield>
    <datafield tag="952" ind1=" " ind2=" "/>
  </record>