
  <record>
    <leader>01000aam  22002601a 4500</leader>
    <controlfield tag="001">YPZ2424</controlfield>
    <controlfield tag="003">YPZ</controlfield>
    <controlfield tag="005">200410280000000</controlfield>
    <controlfield tag="008">041028|###########||||||b||||||||||spa|d</controlfield>
    <datafield tag="020" ind1=" " ind2=" ">
      <subfield code="a">848086141X</subfield>
    </datafield>
    <datafield tag="040" ind1=" " ind2=" ">
      <subfield code="c">SIUNPA</subfield>
    </datafield>
    <datafield tag="041" ind1=" " ind2=" ">
      <subfield code="a">spa</subfield>
    </datafield>
    <datafield tag="044" ind1=" " ind2=" ">
      <subfield code="a">ES</subfield>
    </datafield>
    <datafield tag="080" ind1=" " ind2=" ">
      <subfield code="a">616-053.2 W872e4</subfield>
    </datafield>
    <datafield tag="100" ind1=" " ind2=" ">
      <subfield code="a">Wong, Donna L..</subfield>
    </datafield>
    <datafield tag="245" ind1=" " ind2=" ">
      <subfield code="a">Enfermería pediátrica</subfield>
      <subfield code="b"> : cuarta edición</subfield>
      <subfield code="c"> / Rollins, Judy Holt, ed. colaboradora ; Almena Rojas, Antonia, rev. ; Huber Alonso, María del Carmen, rev.</subfield>
    </datafield>
    <datafield tag="250" ind1=" " ind2=" ">
      <subfield code="a">Versión en español de la 4a ed. en inglés</subfield>
    </datafield>
    <datafield tag="260" ind1=" " ind2=" ">
      <subfield code="a">Madrid</subfield>
      <subfield code="b"> : Mosby</subfield>
      <subfield code="c"> , 1995</subfield>
    </datafield>
    <datafield tag="500" ind1=" " ind2=" ">
      <subfield code="a"/>
    </datafield>
    <datafield tag="650" ind1=" " ind2=" ">
      <subfield code="a"> PEDIATRIA</subfield>
    </datafield>
    <datafield tag="650" ind1=" " ind2=" ">
      <subfield code="a"> DESARROLLO DEL NIÑO</subfield>
    </datafield>
    <datafield tag="650" ind1=" " ind2=" ">
      <subfield code="a"> ENFERMEDAD</subfield>
    </datafield>
    <datafield tag="650" ind1=" " ind2=" ">
      <subfield code="a"> SERVICIOS DE ENFERMERIA</subfield>
    </datafield>
    <datafield tag="650" ind1=" " ind2=" ">
      <subfield code="a"> NIÑOS</subfield>
    </datafield>
    <datafield tag="942" ind1=" " ind2=" ">
      <subfield code="c">BK</subfield>
    </datafield>
    <datafield tag="952" ind1=" " ind2=" ">
      <subfield code="a">BIB_RECT</subfield>
      <subfield code="b">BIB_UARG</subfield>
      <subfield code="d">2005-08-23</subfield>
      <subfield code="y">BK</subfield>
      <subfield code="p">05-10798</subfield>
      <subfield code="i">05-10798</subfield>
      <subfield code="g">120</subfield>
      <subfield code="o">616-053.2 W872e4</subfield>
      <subfield code="e">FOMEC585</subfield>
      <subfield code="8">CG</subfield>
    </datafield>
    <datafield tag="952" ind1=" " ind2=" ">
      <subfield code="a">BIB_RECT</subfield>
      <subfield code="b">BIB_UARG</subfield>
      <subfield code="d">2005-08-23</subfield>
      <subfield code="y">BK</subfield>
      <subfield code="p">05-10799</subfield>
      <subfield code="i">05-10799</subfield>
      <subfield code="g">120</subfield>
      <subfield code="o">616-053.2 W872e4</subfield>
      <subfield code="e">FOMEC585</subfield>
      <subfield code="8">CG</subfield>
    </datafield>
    <datafield tag="952" ind1=" " ind2=" ">
      <subfield code="a">BIB_RECT</subfield>
      <subfield code="b">BIB_UARG</subfield>
      <subfield code="d">2005-08-23</subfield>
      <subfield code="y">BK</subfield>
      <subfield code="p">05-10800</subfield>
      <subfield code="i">05-10800</subfield>
      <subfield code="g">120</subfield>
      <subfield code="o">616-053.2 W872e4</subfield>
      <subfield code="e">FOMEC585</subfield>
      <subfield code="8">CG</subfield>
    </datafield>
    <datafield tag="952" ind1=" " ind2=" ">
      <subfield code="a">BIB_RECT</subfield>
      <subfield code="b">BIB_UARG</subfield>
      <subfield code="d">2005-08-23</subfield>
      <subfield code="y">BK</subfield>
      <subfield code="p">05-25750</subfield>
      <subfield code="i">05-25750</subfield>
      <subfield code="g">120</subfield>
      <subfield code="o">616-053.2 W872e4</subfield>
      <subfield code="e">Compra U.E./03</subfield>
      <subfield code="8">CG</subfield>
    </datafield>
  </record>